<record><leader>00000cas a22000007a 4500</leader><controlfield tag="001">15217607</controlfield><controlfield tag="008">870220d18791889iauwr ne      0    0eng d</controlfield><datafield ind1=" " ind2=" " tag="010"><subfield code="a">sn 87057252 </subfield></datafield><datafield ind1=" " ind2=" " tag="040"><subfield code="a">INP</subfield><subfield code="b">eng</subfield><subfield code="c">INP</subfield><subfield code="d">OCLCQ</subfield></datafield><datafield ind1=" " ind2=" " tag="042"><subfield code="a">msc</subfield></datafield><datafield ind1="0" ind2="4" tag="245"><subfield code="a">The Muscatine weekly news.</subfield></datafield><datafield ind1=" " ind2=" " tag="260"><subfield code="a">Muscatine, Iowa :</subfield><subfield code="b">News Print. Co.</subfield></datafield><datafield ind1=" " ind2=" " tag="300"><subfield code="a">v. :</subfield><subfield code="b">ill. ;</subfield><subfield code="c">65 cm.</subfield></datafield><datafield ind1=" " ind2=" " tag="310"><subfield code="a">Weekly</subfield></datafield><datafield ind1="1" ind2=" " tag="362"><subfield code="a">Issued 1879-Apr. 1889.</subfield><subfield code="z">Cf. Bibl. of Iowa newspapers.</subfield></datafield><datafield ind1=" " ind2=" " tag="588"><subfield code="a">Description based on: Vol. 1, no. 44 (July 31, 1880).</subfield></datafield><datafield ind1=" " ind2=" " tag="752"><subfield code="a">United States</subfield><subfield code="b">Iowa</subfield><subfield code="c">Muscatine</subfield><subfield code="d">Muscatine.</subfield></datafield><datafield ind1="0" ind2="7" tag="785"><subfield code="t">Muscatine weekly tribune (Muscatine, Iowa : 1872)</subfield><subfield code="w">(DLC)sn 84027255</subfield></datafield><datafield ind1="0" ind2="7" tag="785"><subfield code="t">Muscatine weekly news-tribune</subfield><subfield code="w">(DLC)sn 87058210</subfield></datafield></record>